<record><leader>00000cas a22000007a 4500</leader><controlfield tag="001">14088773</controlfield><controlfield tag="008">860814d19671968paudn ne      0    0eng d</controlfield><datafield ind1=" " ind2=" " tag="010"><subfield code="a">sn 86081738 </subfield></datafield><datafield ind1=" " ind2=" " tag="040"><subfield code="a">NPH</subfield><subfield code="b">eng</subfield><subfield code="c">NPH</subfield><subfield code="d">OCLCQ</subfield></datafield><datafield ind1=" " ind2=" " tag="042"><subfield code="a">msc</subfield></datafield><datafield ind1="0" ind2=" " tag="130"><subfield code="a">News-dispatch (Shamokin, Pa.)</subfield></datafield><datafield ind1="1" ind2="0" tag="245"><subfield code="a">News-dispatch.</subfield></datafield><datafield ind1="1" ind2="3" tag="246"><subfield code="a">Shamokin news-dispatch</subfield></datafield><datafield ind1=" " ind2=" " tag="260"><subfield code="a">Shamokin, Pa. :</subfield><subfield code="b">News Pub. and Print. Co.,</subfield><subfield code="c">1967-1968.</subfield></datafield><datafield ind1=" " ind2=" " tag="300"><subfield code="a">1 v. :</subfield><subfield code="b">ill.</subfield></datafield><datafield ind1=" " ind2=" " tag="310"><subfield code="a">Daily (except Sunday)</subfield></datafield><datafield ind1="0" ind2=" " tag="362"><subfield code="a">Vol. 34, no. 244 (July 3, 1967)- ; -v. 32, no. 11 (Sept. 30, 1968).</subfield></datafield><datafield ind1=" " ind2=" " tag="580"><subfield code="a">Merged with: Item (Mount Carmel, Pa.), to form: News-item (Shamokin area ed.), and: News-item (Mount Carmel area ed.).</subfield></datafield><datafield ind1=" " ind2=" " tag="752"><subfield code="a">United States</subfield><subfield code="b">Pennsylvania</subfield><subfield code="c">Northumberland</subfield><subfield code="d">Shamokin.</subfield></datafield><datafield ind1="0" ind2="0" tag="780"><subfield code="t">Shamokin news-dispatch</subfield><subfield code="w">(DLC)sn 86081442</subfield></datafield><datafield ind1="1" ind2="7" tag="785"><subfield code="t">Item (Mount Carmel, Pa.)</subfield><subfield code="w">(DLC)sn 86081736</subfield></datafield><datafield ind1="1" ind2="7" tag="785"><subfield code="t">News-item (Mount Carmel area ed.)</subfield><subfield code="w">(DLC)sn 86081739</subfield></datafield><datafield ind1="1" ind2="7" tag="785"><subfield code="t">News-item (Shamokin area ed.)</subfield><subfield code="w">(DLC)sn 86081740</subfield></datafield></record>